@article{PSUR16,
author = {Surynek, Pavel},
year = {2016},
month = {10},
title = {Makespan Optimal Solving of Cooperative Path-Finding via Reductions to Propositional Satisfiability}
}

@article{WILDEPAR,
author = {Wilde, Boris and Mors, Adriaan and Witteveen, Cees},
year = {2013},
month = {05},
pages = {87-94},
title = {Push and rotate: Cooperative multi-agent path planning},
volume = {1},
journal = {12th International Conference on Autonomous Agents and Multiagent Systems 2013, AAMAS 2013}
}

@article{PSURDIRECT,
author = {Surynek, Pavel},
year = {2014},
month = {12},
pages = {827-833},
title = {A Simple Approach to Solving Cooperative Path-Finding as Propositional Satisfiability Works Well},
doi = {10.1007/978-3-319-13560-1_66}
}

@article{ICTS,
author = {Sharon, Guni and Stern, Roni and Goldenberg, Meir and Felner, Ariel},
year = {2011},
month = {01},
pages = {662-667},
title = {The Increasing Cost Tree Search for Optimal Multi-Agent Pathfinding.},
volume = {195},
journal = {Artificial Intelligence},
doi = {10.1016/j.artint.2012.11.006}
}

@article{PSURTEG,
author = {Surynek, Pavel},
year = {2017},
month = {08},
pages = {},
title = {Time-expanded graph-based propositional encodings for makespan-optimal solving of cooperative path finding problems},
volume = {81},
journal = {Annals of Mathematics and Artificial Intelligence},
doi = {10.1007/s10472-017-9560-z}
}